@misc{hdd-image, 
title={What is a hard drive?}, 
url={https://www.computerhope.com/jargon/h/harddriv.htm}, 
journal={What is a Hard Drive?}, 
publisher={Computer Hope}, 
author={Computer Hope}, 
year={2020}, 
month={Aug}} 

@article{coulais2021snappy,
  title={Snappy data storage},
  author={Coulais, Corentin},
  journal={Nature},
  volume={589},
  number={7842},
  pages={360--361},
  year={2021},
  publisher={Macmillan Publishers Ltd., London, England}
}

@article{chen2021reprogrammable,
  title={A reprogrammable mechanical metamaterial with stable memory},
  author={Chen, Tian and Pauly, Mark and Reis, Pedro M},
  journal={Nature},
  volume={589},
  number={7842},
  pages={386--390},
  year={2021},
  publisher={Nature Publishing Group}
}