%% This BibTeX bibliography file was created using BibDesk.
%% http://bibdesk.sourceforge.net/


%% Created for Lauro Cesar Araujo at 2015-04-27 19:43:45 -0300 


%% Saved with string encoding Unicode (UTF-8) 

@article{chen2021reprogrammable,
  title={A reprogrammable mechanical metamaterial with stable memory},
  author={Chen, Tian and Pauly, Mark and Reis, Pedro M},
  journal={Nature},
  volume={589},
  number={7842},
  pages={386--390},
  year={2021},
  publisher={Nature Publishing Group}
}

@misc{hdd-image, 
title={Hard drive - definição e sinônimos de hard drive no dicionário inglês}, 
url={https://educalingo.com/pt/dic-en/hard-drive}, 
journal={HARD DRIVE - Definição e sinônimos de hard drive no dicionário inglês}} 

@article{coulais2021snappy,
  title={Snappy data storage},
  author={Coulais, Corentin},
  journal={Nature},
  volume={589},
  number={7842},
  pages={360--361},
  year={2021},
  publisher={Macmillan Publishers Ltd., London, England}
}
